% Encoding: UTF-8

@application{app.texjavahelpdemo}

@application{app.texjavahelpmk,
 syntax={\oargm{options} \meta{tex-file} \meta{out-dir}}
}

@switch{switch.help,
  parent={app.texjavahelpmk},
  shortswitch={h},
  description={Prints help and exits}
}

@switch{switch.version,
  parent={app.texjavahelpmk},
  shortswitch={v},
  description={Prints version information and exits}
}

@file{file.texjavahelp.lib}

@package{pkg.texjavahelp}

@abbreviation{cli,
  short = {CLI},
  long = {command line interface}
}

@abbreviation{gui,
  short = {GUI},
  long = {graphical user interface}
}

@commonabbreviation{pdf,
  short = {PDF},
  long = {portable document format}
}

@commonabbreviation{html,
  short = {HTML},
  long = {hypertext markup language}
}
